@incollection{alex2012alexnet,
title = {ImageNet Classification with Deep Convolutional Neural Networks},
author = {Alex Krizhevsky and Sutskever, Ilya and Hinton, Geoffrey E},
booktitle = {NIPS},
year = {2012},
}

@incollection{alvarez2016learningneurons,
title = {Learning the Number of Neurons in Deep Networks},
author = {Alvarez, Jose M and Salzmann, Mathieu},
booktitle = {NIPS},
year = {2016}
}

@article{anderson2017high,
  title={The High-Dimensional Geometry of Binary Neural Networks},
  author={Anderson, Alexander G and Berg, Cory P},
  journal={arXiv preprint arXiv:1705.07199},
  year={2017}
}

@article{alon1994cayley,
  title={Random Cayley Graphs and Expanders},
  author={Noga Alon and Yuval Roichman},
  journal={Random Struct. Algorithms},
  year={1994}
}

@article{bahdanau2014neural,
  title={Neural machine translation by jointly learning to align and translate},
  author={Bahdanau, Dzmitry and Cho, Kyunghyun and Bengio, Yoshua},
  journal={arXiv preprint arXiv:1409.0473},
  year={2014}
}

@article{bagherinezhad2016lcnn,
  title={LCNN: Lookup-based Convolutional Neural Network},
  author={Bagherinezhad, Hessam and Rastegari, Mohammad and Farhadi, Ali},
  journal={CVPR},
  year={2017}
}

@article{blundell2015weight,
  title={Weight uncertainty in neural networks},
  author={Blundell, Charles and Cornebise, Julien and Kavukcuoglu, Koray and Wierstra, Daan},
  journal={ICML},
  year={2015}
}

@article{blocksparse,
  title={GPU Kernels for Block-Sparse Weights},
  author={Gray, Scott and Radford, Alec and Kingma, Diederik P. },
  journal={arXiv preprint arXiv:1711.09224},
  year={2017}
}

@article{bojarski2016end,
  title={End to end learning for self-driving cars},
  author={Bojarski, Mariusz and Del Testa, Davide and Dworakowski, Daniel and Firner, Bernhard and Flepp, Beat and Goyal, Prasoon and Jackel, Lawrence D and Monfort, Mathew and Muller, Urs and Zhang, Jiakai and others},
  journal={arXiv preprint arXiv:1604.07316},
  year={2016}
}

@article{bui2016sbir,
  author    = {Tu Bui and
               Leonardo Ribeiro and
               Moacir Ponti and
               John P. Collomosse},
  title     = {Generalisation and Sharing in Triplet Convnets for Sketch based Visual Search},
  journal   = {CoRR},
  volume    = {abs/1611.05301},
  year      = {2016}
}

@article{cudaconvnet,
  title={Cuda-Convnet:  High-performance C++/Cuda
implementation of convolutional neural networks},
  author={Krizhevsky, A.},
  year={2012}
}

@article{cai2017deep,
  title={Deep Learning with Low Precision by Half-wave Gaussian Quantization},
  author={Cai, Zhaowei and He, Xiaodong and Sun, Jian and Vasconcelos, Nuno},
  journal={CVPR},
  year={2017}
}

@inproceedings{cheng2015exploration,
  title={An exploration of parameter redundancy in deep networks with circulant projections},
  author={Cheng, Yu and Yu, Felix X and Feris, Rogerio S and Kumar, Sanjiv and Choudhary, Alok and Chang, Shi-Fu},
  booktitle={CVPR},
  pages={2857--2865},
  year={2015}
}

@inproceedings{chen2015compressing,
  title={Compressing neural networks with the hashing trick},
  author={Chen, Wenlin and Wilson, James and Tyree, Stephen and Weinberger, Kilian and Chen, Yixin},
  booktitle={ICML},
  year={2015}
}

@inproceedings{chollet2017xception,
  title={Xception: Deep Learning with Depthwise Separable Convolutions},
  author={Fran√ßois Chollet},
  booktitle={CVPR},
  year={2017}
}

@inproceedings{cheng2015exploration,
  title={An exploration of parameter redundancy in deep networks with circulant projections},
  author={Cheng, Yu and Yu, Felix X and Feris, Rogerio S and Kumar, Sanjiv and Choudhary, Alok and Chang, Shi-Fu},
  booktitle={CVPR},
  year={2015}
}

@inproceedings{cohen2016deep,
  title={Deep simnets},
  author={Cohen, Nadav and Sharir, Or and Shashua, Amnon},
  booktitle={CVPR},
  year={2016}
}

@article{collins2014memory,
  title={Memory bounded deep convolutional networks},
  author={Collins, Maxwell D and Kohli, Pushmeet},
  journal={arXiv preprint arXiv:1412.1442},
  year={2014}
}

@inproceedings{courbariaux2015binaryconnect,
  title={Binaryconnect: Training deep neural networks with binary weights during propagations},
  author={Courbariaux, Matthieu and Bengio, Yoshua and David, Jean-Pierre},
  booktitle={NIPS},
  year={2015}
}

@inproceedings{courbariaux2016binarized,
  title={Binarized neural networks: Training deep neural networks with weights and activations constrained to+ 1 or-1},
  author={Courbariaux, Matthieu and Hubara, Itay and Soudry, Daniel and El-Yaniv, Ran and Bengio, Yoshua},
  booktitle={ICML},
  year={2016}
}

@article{cybenko1989approximation,
  title={Approximation by superpositions of a sigmoidal function},
  author={Cybenko, George},
  journal={(MCSS)},
  year={1989},
}


@inproceedings{dai2014scalable,
  title={Scalable kernel methods via doubly stochastic gradients},
  author={Dai, Bo and Xie, Bo and He, Niao and Liang, Yingyu and Raj, Anant and Balcan, Maria-Florina F and Song, Le},
  booktitle={NIPS},
  pages={3041--3049},
  year={2014}
}

@inproceedings{deng2009imagenet,
        author = {Deng, J. and Dong, W. and Socher, R. and Li, L.-J. and Li, K. and Fei-Fei, L.},
        title = {{ImageNet: A Large-Scale Hierarchical Image Database}},
        booktitle = {CVPR},
        year = {2009}
}

@inproceedings{denil2013predicting,
  title={Predicting parameters in deep learning},
  author={Denil, Misha and Shakibi, Babak and Dinh, Laurent and de Freitas, Nando and others},
  booktitle={NIPS},
  pages={2148--2156},
  year={2013}
}

@inproceedings{denton2014exploiting,
  title={Exploiting linear structure within convolutional networks for efficient evaluation},
  author={Denton, Emily L and Zaremba, Wojciech and Bruna, Joan and LeCun, Yann and Fergus, Rob},
  booktitle={NIPS},
  pages={1269--1277},
  year={2014}
}

@article{eitz2012hdhso,
	author={Eitz, Mathias and Hays, James and Alexa, Marc},
	title={How Do Humans Sketch Objects?},
	journal={ACM Trans. Graph. (Proc. SIGGRAPH)},
	year={2012},
}

@inproceedings{figurnov2016perforatedcnns,
  title={PerforatedCNNs: Acceleration through elimination of redundant convolutions},
  author={Figurnov, Mikhail and Ibraimova, Aizhan and Vetrov, Dmitry P and Kohli, Pushmeet},
  booktitle={NIPS},
  year={2016}
}

@inproceedings{guo2016dynamic,
  title={Dynamic network surgery for efficient dnns},
  author={Guo, Yiwen and Yao, Anbang and Chen, Yurong},
  booktitle={NIPS},
  year={2016}
}

@article{gong2014compressing,
  title={Compressing deep convolutional networks using vector quantization},
  author={Gong, Yunchao and Liu, Liu and Yang, Ming and Bourdev, Lubomir},
  journal={arXiv preprint arXiv:1412.6115},
  year={2014}
}

@inproceedings{hassibi1993optimal,
 author = {Hassibi, Babak and Stork, David G. and Wolff, Gregory and Watanabe, Takahiro},
 title = {Optimal Brain Surgeon: Extensions and Performance Comparisons},
 booktitle={NIPS},
 year = {1993},
}

@article{han2015deep,
  title={Deep compression: Compressing deep neural networks with pruning, trained quantization and huffman coding},
  author={Han, Song and Mao, Huizi and Dally, William J},
  journal={ICLR},
  year={2016}
}

@inproceedings{han2015learning,
  title={Learning both weights and connections for efficient neural network},
  author={Han, Song and Pool, Jeff and Tran, John and Dally, William},
  booktitle={NIPS},
  pages={1135--1143},
  year={2015}
}

@inproceedings{he2016deep,
  title={Deep residual learning for image recognition},
  author={He, Kaiming and Zhang, Xiangyu and Ren, Shaoqing and Sun, Jian},
  booktitle={CVPR},
  year={2016}
}

@inproceedings{he2016identity,
  title={Identity mappings in deep residual networks},
  author={He, Kaiming and Zhang, Xiangyu and Ren, Shaoqing and Sun, Jian},
  booktitle={ECCV},
  pages={630--645},
  year={2016},
  organization={Springer}
}
@inproceedings{he2015convolutional,
  title={Convolutional neural networks at constrained time cost},
  author={He, Kaiming and Sun, Jian},
  booktitle={CVPR},
  pages={5353--5360},
  year={2015},
  organization={IEEE}
}


@article{he2017channel,
  title={Channel Pruning for Accelerating Very Deep Neural Networks},
  author={He, Yihui and Zhang, Xiangyu and Sun, Jian},
  journal={CVPR},
  year={2017}
}

@article{cheng2018recent,
  title={Recent advances in efficient computation of deep convolutional neural networks},
  author={Cheng, Jian and Wang, Pei-song and Li, Gang and Hu, Qing-hao and Lu, Han-qing},
  journal={Frontiers of Information Technology \& Electronic Engineering},
  year={2018},
  publisher={Springer}
}


@article{hinton2015distilling,
  title={Distilling the knowledge in a neural network},
  author={Hinton, Geoffrey and Vinyals, Oriol and Dean, Jeff},
  journal={arXiv preprint arXiv:1503.02531},
  year={2015}
}

@inproceedings{horowitz2014power,
  author={M. Horowitz},
  booktitle={International Solid-State Circuits Conference Digest of Technical Papers (ISSCC)},
  title={ Computing's energy problem (and what we can do about it)},
  year={2014}
}


@article{hoory2006expander,
    author = {Shlomo Hoory and Nathan Linial and Avi Wigderson},
    title = {Expander graphs and their applications},
    journal = {BULL. AMER. MATH. SOC. },
    year = {2006},
}

@article{howard2017mobilenets,
  title={Mobilenets: Efficient convolutional neural networks for mobile vision applications},
  author={Howard, Andrew G and Zhu, Menglong and Chen, Bo and Kalenichenko, Dmitry and Wang, Weijun and Weyand, Tobias and Andreetto, Marco and Adam, Hartwig},
  journal={arXiv preprint arXiv:1704.04861},
  year={2017}
}


@article{hubara2017quantized,
  title={Quantized neural networks: Training neural networks with low precision weights and activations},
  author={Hubara, Itay and Courbariaux, Matthieu and Soudry, Daniel and El-Yaniv, Ran and Bengio, Yoshua},
  journal={The Journal of Machine Learning Research},
  year={2017}
}
  
  @article{hou2016loss,
  title={Loss-aware Binarization of Deep Networks},
  author={Hou, Lu and Yao, Quanming and Kwok, James T},
  journal={ICLR},
  year={2017}
}


@article{hu2017squeeze,
  title={Squeeze-and-excitation networks},
  author={Hu, Jie and Shen, Li and Sun, Gang},
  journal={arXiv preprint arXiv:1709.01507},
  year={2017}
}

@inproceedings{huang2017densely,
  title={Densely connected convolutional networks},
  author={Huang, Gao and Liu, Zhuang and van der Maaten, Laurens and Weinberger, Kilian Q },
  booktitle={CVPR},
  year={2017}
}

@inproceedings{huang2018condensenet,
  title={CondenseNet: An Efficient DenseNet using Learned Group Convolutions},
  author={Huang, Gao and Liu, Shichen and van der Maaten, Laurens and Weinberger, Kilian Q},
  booktitle={CVPR},
  year={2018}
}

@article{iandola2016squeezenet,
  title={SqueezeNet: AlexNet-level accuracy with 50x fewer parameters and< 0.5 MB model size},
  author={Iandola, Forrest N and Han, Song and Moskewicz, Matthew W and Ashraf, Khalid and Dally, William J and Keutzer, Kurt},
  journal={ICLR},
  year={2017}
}

@inproceedings{johnson2016densecap,
  title={DenseCap: Fully Convolutional Localization Networks for Dense Captioning},
  author={Johnson, Justin and Karpathy, Andrej and Fei-Fei, Li},
  booktitle={CVPR},
  year={2016}
}

@article{juefei2016local,
  title={Local Binary Convolutional Neural Networks},
  author={Juefei-Xu, Felix and Boddeti, Vishnu Naresh and Savvides, Marios},
  journal={CVPR},
  year={2017}
}

@inproceedings{jaderberg2014speeding,
  title={Speeding up convolutional neural networks with low rank expansions},
  author={Jaderberg, Max and Vedaldi, Andrea and Zisserman, Andrew},
  booktitle={BMVC},
  year={2014}
}

@inproceedings{kingma2014adam,
  title={Adam: A Method for Stochastic Optimization},
  author={Kingma, Diederik P. and Ba, Jimmy},
  booktitle={ICLR},
  year={2015}
}

@article{kim2015compression,
  title={Compression of deep convolutional neural networks for fast and low power mobile applications},
  author={Kim, Yong-Deok and Park, Eunhyeok and Yoo, Sungjoo and Choi, Taelim and Yang, Lu and Shin, Dongjun},
  journal={arXiv preprint arXiv:1511.06530},
  year={2015}
}

@article{krizhevsky2009learning,
  title={Learning multiple layers of features from tiny images},
  author={Krizhevsky, Alex and Hinton, Geoffrey},
  year={2009},
  publisher={Technical report, University of Toronto}
}

@inproceedings{lecun1990optimal,
 author = {LeCun, Yann and Denker, John S. and Solla, Sara A.},
 title = {Optimal Brain Damage},
 booktitle = {NIPS},
 year = {1990}
} 

@inproceedings{lebedev2016fast,
  title={Fast convnets using group-wise brain damage},
  author={Lebedev, Vadim and Lempitsky, Victor},
  booktitle={CVPR},
  year={2016}
}

@article{lebedev2014speeding,
  title={Speeding-up convolutional neural networks using fine-tuned cp-decomposition},
  author={Lebedev, Vadim and Ganin, Yaroslav and Rakhuba, Maksim and Oseledets, Ivan and Lempitsky, Victor},
  journal={arXiv preprint arXiv:1412.6553},
  year={2014}
}


@article{li2016pruning,
  title={Pruning filters for efficient convnets},
  author={Li, Hao and Kadav, Asim and Durdanovic, Igor and Samet, Hanan and Graf, Hans Peter},
  journal={ICLR},
  year={2017}
}

@article{li2015free,
  title={Free-hand sketch recognition by multi-kernel feature learning},
  author={Li, Yi and Hospedales, Timothy M and Song, Yi-Zhe and Gong, Shaogang},
  journal={CVIU},
  year={2015}
}

@inproceedings{li2013structure,
  title={Sketch Recognition by Ensemble Matching of Structured Features},
  author={Yi Li and Yi-Zhe Song and Shaogang Gong},
  booktitle={BMVC},
  year={2013}
}

@article{li2015kernelsketch,
	author = {Li, Yi and Hospedales, Timothy M. and Song, Yi-Zhe and Gong, Shaogang},
	journal = {CVIU},
	title = {Free-hand sketch recognition by multi-kernel feature learning},
	year = {2015}
}

@article{li2016ternary,
  title={Ternary weight networks},
  author={Li, Fengfu and Zhang, Bo and Liu, Bin},
  journal={arXiv preprint arXiv:1605.04711},
  year={2016}
}


@article{lin2017does,
  title={Why does deep and cheap learning work so well?},
  author={Lin, Henry W and Tegmark, Max and Rolnick, David},
  journal={Journal of Statistical Physics},
  year={2017},
}

@inproceedings{lin2016fixed,
  title = 	 {Fixed Point Quantization of Deep Convolutional Networks},
  author = 	 {Darryl Lin and Sachin Talathi and Sreekanth Annapureddy},
  booktitle = 	 {Proceedings of The 33rd International Conference on Machine Learning},
  booktitle = {ICML},
  year = 	 {2016},
}

@article{lin2013network,
  title={Network in network},
  author={Lin, Min and Chen, Qiang and Yan, Shuicheng},
  journal={ICLR},
  year={2014}
}

@article{liu2017learning,
  title={Learning Efficient Convolutional Networks through Network Slimming},
  author={Liu, Zhuang and Li, Jianguo and Shen, Zhiqiang and Huang, Gao and Yan, Shoumeng and Zhang, Changshui},
  journal={ICCV},
  year={2017}
}


@inproceedings{liu2015sparse,
  title={Sparse convolutional neural networks},
  author={Liu, Baoyuan and Wang, Min and Foroosh, Hassan and Tappen, Marshall and Pensky, Marianna},
  booktitle={CVPR},
  year={2015}
}

@article{liu2017hierarchical,
  title={Hierarchical representations for efficient architecture search},
  author={Liu, Hanxiao and Simonyan, Karen and Vinyals, Oriol and Fernando, Chrisantha and Kavukcuoglu, Koray},
  journal={arXiv preprint arXiv:1711.00436},
  year={2017}
}

@article{liu2017progressive,
  title={Progressive neural architecture search},
  author={Liu, Chenxi and Zoph, Barret and Shlens, Jonathon and Hua, Wei and Li, Li-Jia and Fei-Fei, Li and Yuille, Alan and Huang, Jonathan and Murphy, Kevin},
  journal={arXiv preprint arXiv:1712.00559},
  year={2017}
}

@inproceedings{luo2017thinet,
  title={Thinet: A filter level pruning method for deep neural network compression},
  author={Luo, Jian-Hao and Wu, Jianxin and Lin, Weiyao},
  booktitle={CVPR},
  year={2017}
}



@article{luong2015effective,
  author    = {Minh{-}Thang Luong, Hieu Pham and  Christopher D. Manning},
  title     = {Effective Approaches to Attention-based Neural Machine Translation},
  journal   = {EMNLP},
  year      = {2015},
}

@article{masana2017domain,
  title={Domain-adaptive deep network compression},
  author={Masana, Marc and van de Weijer, Joost and Herranz, Luis and Bagdanov, Andrew D and Malvarez, Jose},
  journal={Network},
  year={2017}
}

@article{mariet2015diversity,
  title={Diversity networks},
  author={Mariet, Zelda and Sra, Suvrit},
  journal={ICLR},
  year={2016}
}

@article{merolla2016deep,
  author    = {Paul Merolla and
               Rathinakumar Appuswamy and
               John V. Arthur and
               Steven K. Esser and
               Dharmendra S. Modha},
  title     = {Deep neural networks are robust to weight binarization and other non-linear
               distortions},
  journal   = {CoRR},
  year      = {2016},

}

@article{guo2018survey,
  title={A survey on methods and theories of quantized neural networks},
  author={Guo, Yunhui},
  journal={arXiv preprint arXiv:1808.04752},
  year={2018}
}


@inproceedings{mishra2012top,
  title={Top-down and bottom-up cues for scene text recognition},
  author={Mishra, Anand and Alahari, Karteek and Jawahar, CV},
  booktitle={CVPR},
  year={2012}
}

@article{moczulski2015acdc,
  title={ACDC: A structured efficient linear layer},
  author={Moczulski, Marcin and Denil, Misha and Appleyard, Jeremy and de Freitas, Nando},
  journal={ICLR},
  year={2016}
}

@article{molchanov2016pruning,
  title={Pruning Convolutional Neural Networks for Resource Efficient Inference},
  author={Molchanov, Pavlo and Tyree, Stephen and Karras, Tero and Aila, Timo and Kautz, Jan},
  journal={ICLR},
  year={2017}
}

@inproceedings{novikov2015tensorizing,
  title={Tensorizing neural networks},
  author={Novikov, Alexander and Podoprikhin, Dmitrii and Osokin, Anton and Vetrov, Dmitry P},
  booktitle={NIPS},
  year={2015}
}

@inproceedings{neumann2012real,
  title={Real-time scene text localization and recognition},
  author={Neumann, Luk{\'a}{\v{s}} and Matas, Ji{\v{r}}{\'\i}},
  booktitle={CVPR},
  year={2012}
}

@misc{paszkepytorch,
  title={PyTorch},
  URL = {http://pytorch.org},
  author={Paszke, Adam and Chintala, Soumith}
}

@inproceedings{rastegari2016xnor,
  title={Xnor-net: Imagenet classification using binary convolutional neural networks},
  author={Rastegari, Mohammad and Ordonez, Vicente and Redmon, Joseph and Farhadi, Ali},
  booktitle={ECCV},
  year={2016},
}

@article{rolnick2017power,
  title={The power of deeper networks for expressing natural functions},
  author={Rolnick, David and Tegmark, Max},
  journal={arXiv preprint arXiv:1705.05502},
  year={2017}
} 

@article{salil2012pseudo,
year = {2012},
journal = {Foundations and Trends in Theoretical Computer Science},
title = {Pseudorandomness},
author = {Salil P. Vadhan}
}

@inproceedings{sandler2018inverted,
  title={Inverted Residuals and Linear Bottlenecks: Mobile Networks for Classification, Detection and Segmentation},
  author={Sandler, Mark and Howard, Andrew and Zhu, Menglong and Zhmoginov, Andrey and Chen, Liang-Chieh},
  booktitle={CVPR},
  year={2018}
}

@article{sangkloy2016sketchy,
 author = {Sangkloy, Patsorn and Burnell, Nathan and Ham, Cusuh and Hays, James},
 title = {The Sketchy Database: Learning to Retrieve Badly Drawn Bunnies},
 journal = {ACM Trans. Graph.},
 year = {2016}
} 

@inproceedings{sainath2013low,
  title={Low-rank matrix factorization for deep neural network training with high-dimensional output targets},
  author={Sainath, Tara N and Kingsbury, Brian and Sindhwani, Vikas and Arisoy, Ebru and Ramabhadran, Bhuvana},
  booktitle={ICASSP},
  year={2013},
  organization={IEEE}
  }
  
@article{scardapane2017group,
  title={Group sparse regularization for deep neural networks},
  author={Scardapane, Simone and Comminiello, Danilo and Hussain, Amir and Uncini, Aurelio},
  journal={Neurocomputing},
  volume={241},
  pages={81--89},
  year={2017}
}

@article{schneider2014sketch,
  title={Sketch Classification and Classification-driven Analysis using Fisher Vectors},
  author={Schneider, Ros{\'a}lia G and Tuytelaars, Tinne},
  journal={TOG},
  year={2014}
}

@inproceedings{sezgin2006sketchunder,
 author = {Sezgin, Tevfik Metin and Stahovich, Thomas and Davis, Randall},
 title = {Sketch Based Interfaces: Early Processing for Sketch Understanding},
 booktitle = {ACM SIGGRAPH 2006 Courses},
 series = {SIGGRAPH '06},
 year = {2006}
} 

@article{simonyan2014very,
  title={Very deep convolutional networks for large-scale image recognition},
  author={Simonyan, Karen and Zisserman, Andrew},
  journal={ICLR},
  year={2015}
}

@inproceedings{spielman2007spectral,
author={D. A. Spielman},
booktitle={FOCS},
title={Spectral Graph Theory and its Applications},
year={2007},
}

@inproceedings{srinivas2017training,
  title={Training sparse neural networks},
  author={Srinivas, Suraj and Subramanya, Akshayvarun and Babu, R Venkatesh},
  booktitle={CVPRW},
  year={2017},
}

@inproceedings{srinivas2015data,
  title={Data-free parameter pruning for deep neural networks},
  author={Srinivas, Suraj and Babu, R Venkatesh},
  booktitle={BMVC},
  year={2015}
}

@inproceedings{szegedy2015going,
title = {Going Deeper with Convolutions},
author  = {Christian Szegedy and Wei Liu and Yangqing Jia and Pierre Sermanet and Scott Reed and Dragomir Anguelov and Dumitru Erhan and Vincent Vanhoucke and Andrew Rabinovich},
year  = 2015,
booktitle = {CVPR}
}

@article{sze2017efficient,
  title={Efficient processing of deep neural networks: A tutorial and survey},
  author={Sze, Vivienne and Chen, Yu-Hsin and Yang, Tien-Ju and Emer, Joel S},
  journal={Proceedings of the IEEE},
  year={2017},
  publisher={Ieee}
}


@inproceedings{taigman2014deepface,
  title={Deepface: Closing the gap to human-level performance in face verification},
  author={Taigman, Yaniv and Yang, Ming and Ranzato, Marc'Aurelio and Wolf, Lior},
  booktitle={CVPR},
  year={2014}
}

@inproceedings{tang2017train,
  title={How to Train a Compact Binary Neural Network with High Accuracy?},
  author={Tang, Wei and Hua, Gang and Wang, Liang},
  booktitle={AAAI},
  year={2017}
}

@article{wang2016crossir,
title = {Deep sketch feature for cross-domain image retrieval },
journal = {Neurocomputing },
year = {2016},
author = {Xinggang Wang and Xiong Duan and Xiang Bai}
}

@incollection{wen2016structured,
title = {Learning Structured Sparsity in Deep Neural Networks},
author = {Wen, Wei and Wu, Chunpeng and Wang, Yandan and Chen, Yiran and Li, Hai},
booktitle = {NIPS},
pages = {2074--2082},
year = {2016}
}

@inproceedings{wilson2016deep,
  title={Deep kernel learning},
  author={Wilson, Andrew Gordon and Hu, Zhiting and Salakhutdinov, Ruslan and Xing, Eric P},
  booktitle={Artificial Intelligence and Statistics},
  pages={370--378},
  year={2016}
}

@inproceedings{wu2016quantized,
  title={Quantized convolutional neural networks for mobile devices},
  author={Wu, Jiaxiang and Leng, Cong and Wang, Yuhang and Hu, Qinghao and Cheng, Jian},
  booktitle={CVPR},
  pages={4820--4828},
  year={2016}
}

@inproceedings{xue2013restructuring,
  title={Restructuring of deep neural network acoustic models with singular value decomposition.},
  author={Xue, Jian and Li, Jinyu and Gong, Yifan},
  booktitle={Interspeech},
  pages={2365--2369},
  year={2013}
}

@inproceedings{xuanyi2017moreisless,
  author    = {Xuanyi Dong and
               Junshi Huang and
               Yi Yang and
               Shuicheng Yan},
  title     = {More is Less: {A} More Complicated Network with Less Inference Complexity},
  booktitle={CVPR},
  year      = {2017}
}

@inproceedings{yang2015deep,
  title={Deep fried convnets},
  author={Yang, Zichao and Moczulski, Marcin and Denil, Misha and de Freitas, Nando and Smola, Alex and Song, Le and Wang, Ziyu},
  booktitle={CVPR},
  pages={1476--1483},
  year={2015}
}

@inproceedings{yoon2017combined,
  title={Combined group and exclusive sparsity for deep neural networks},
  author={Yoon, Jaehong and Hwang, Sung Ju},
  booktitle={ICML},
  year={2017}
}

@inproceedings{you2016image,
  title={Image captioning with semantic attention},
  author={You, Quanzeng and Jin, Hailin and Wang, Zhaowen and Fang, Chen and Luo, Jiebo},
  booktitle={CVPR},
  year={2016}
}

@inproceedings{yu2016shoe,
author = {Yu, Qian and Liu, Feng and Song, Yi-Zhe and Xiang, Tao and Hospedales, Timothy M. and Loy, Chen-Change},
title = {Sketch Me That Shoe},
booktitle = {CVPR},
year = {2016}
} 

@inproceedings{yu2015multi,
  title={Multi-scale context aggregation by dilated convolutions},
  author={Yu, Fisher and Koltun, Vladlen},
  booktitle={ICLR},
  year={2016}
}

@article{yu2015sketch,
  title={Sketch-a-net that beats humans},
  author={Yu, Qian and Yang, Yongxin and Song, Yi-Zhe and Xiang, Tao and Hospedales, Timothy},
  journal={BMVC},@inproceedings{he2016identity,
  title={Identity mappings in deep residual networks},
  author={He, Kaiming and Zhang, Xiangyu and Ren, Shaoqing and Sun, Jian},
  booktitle={ECCV},
  pages={630--645},
  year={2016},
  organization={Springer}
}
@inproceedings{he2015convolutional,
  title={Convolutional neural networks at constrained time cost},
  author={He, Kaiming and Sun, Jian},
  booktitle={CVPR},
  pages={5353--5360},
  year={2015},
  organization={IEEE}
}
@article{hinton2015distilling,
  title={Distilling the knowledge in a neural network},
  author={Hinton, Geoffrey and Vinyals, Oriol and Dean, Jeff},
  journal={arXiv preprint arXiv:1503.02531},
  year={2015}
}
@article{hu2017squeeze,
  title={Squeeze-and-excitation networks},
  author={Hu, Jie and Shen, Li and Sun, Gang},
  journal={arXiv preprint arXiv:1709.01507},
  year={2017}
}

@article{yu2017sketch,
  title={Sketch-a-net: A deep neural network that beats humans},
  author={Yu, Qian and Yang, Yongxin and Liu, Feng and Song, Yi-Zhe and Xiang, Tao and Hospedales, Timothy M},
  journal={International Journal of Computer Vision},
  year={2017},
  publisher={Springer}
}

@inproceedings{yu2017compressing,
  title={On compressing deep models by low rank and sparse decomposition},
  author={Yu, Xiyu and Liu, Tongliang and Wang, Xinchao and Tao, Dacheng},
  booktitle={CVPR},
  year={2017}
}

@inproceedings{zhang2018shufflenet,
  title={Shufflenet: An extremely efficient convolutional neural network for mobile devices},
  author={Zhang, Xiangyu and Zhou, Xinyu and Lin, Mengxiao and Sun, Jian},
  booktitle={CVPR},
  year={2018}
}

@inproceedings{zhang2017interleaved,
  title={Interleaved Group Convolutions},
  author={Zhang, Ting and Qi, Guo-Jun and Xiao, Bin and Wang, Jingdong},
  booktitle={ICCV},
  year={2017}
}

@inproceedings{zagoruyko2016wide,
  title={Wide residual networks},
  author={Zagoruyko, Sergey and Komodakis, Nikos},
  booktitle={BMVC},
  year={2016}
}

@article{zhang2016accelerating,
  title={Accelerating very deep convolutional networks for classification and detection},
  author={Zhang, Xiangyu and Zou, Jianhua and He, Kaiming and Sun, Jian},
  journal={TPAMI},
  year={2016},
  publisher={IEEE}
}

@article{zhou2016dorefa,
  title={DoReFa-Net: Training low bitwidth convolutional neural networks with low bitwidth gradients},
  author={Zhou, Shuchang and Wu, Yuxin and Ni, Zekun and Zhou, Xinyu and Wen, He and Zou, Yuheng},
  journal={ICLR},
  year={2016}
}

@article{zoph2017learning,
  title={Learning transferable architectures for scalable image recognition},
  author={Zoph, Barret and Vasudevan, Vijay and Shlens, Jonathon and Le, Quoc V},
  journal={arXiv preprint arXiv:1707.07012},
  year={2017}
}

@inproceedings{zhou2017inq,
	author = {Zhou Aojun and Yao Anbang and Guo Yiwen and Xu Lin and Chen Yurong},
	title = {Incremental Network Quantization: Towards Lossless CNNs with Low-Precision Weights},
	booktitle   = {ICLR},
  year      = {2017}
}

@inproceedings{zhou2016less,
  title={Less is more: Towards compact cnns},
  author={Zhou, Hao and Alvarez, Jose M and Porikli, Fatih},
  booktitle={ECCV},
  year={2016},
}

@inproceedings{zhao2017accelerating,
  title={Accelerating Binarized Convolutional Neural Networks with Software-Programmable FPGAs.},
  author={Zhao, Ritchie and Song, Weinan and Zhang, Wentao and Xing, Tianwei and Lin, Jeng-Hau and Srivastava, Mani B and Gupta, Rajesh and Zhang, Zhiru},
  booktitle={FPGA},
    year={2017}
}

@article{zhong2017practical,
  title={Practical Network Blocks Design with Q-Learning},
  author={Zhong, Zhao and Yan, Junjie and Liu, Cheng-Lin},
  journal={arXiv preprint arXiv:1708.05552},
  year={2017}
}

@inproceedings{zhu2016trained,
  author    = {Chenzhuo Zhu, Song Han, Huizi Mao and William J. Dally},
  title     = {Trained Ternary Quantization},
  booktitle={ICLR},
  year={2017}
}
